@article{brenner1988glomeruli,
  title={Glomeruli and blood pressure. Less of one, more the other?},
  author={Brenner, BM and Garcia, DL and Anderson, S and others},
  journal={American Journal of Hypertension},
  volume={1},
  number={4 Pt 1},
  pages={335},
  year={1988}
}

@article{hoy2008nephron,
  title={Nephron number, glomerular volume, renal disease and hypertension},
  author={Hoy, Wendy E and Bertram, John F and Denton, Rebecca Douglas and Zimanyi, Monika and Samuel, Terence and Hughson, Michael D},
  journal={Current Opinion in Nephrology and Hypertension},
  volume={17},
  number={3},
  pages={258--265},
  year={2008},
  publisher={LWW}
}

@article{bonvalet1972compensatory,
  title={Compensatory renal hypertrophy in young rats: Increase in the number of nephrons},
  author={Bonvalet, Jean-Pierre and Champion, Monique and Wanstok, Frida and Berjal, Guy and others},
  journal={Kidney Int},
  volume={1},
  number={6},
  pages={391--396},
  year={1972}
}

@article{bertram1992total,
  title={Total numbers of glomeruli and individual glomerular cell types in the normal rat kidney},
  author={Bertram, John F and Soosaipillai, Mary C and Ricardo, Sharon D and Ryan, Graeme B},
  journal={Cell and Tissue Research},
  volume={270},
  number={1},
  pages={37--45},
  year={1992},
  publisher={Springer}
}

@article{beeman2011measuring,
  title={Measuring glomerular number and size in perfused kidneys using {MRI}},
  author={Beeman, Scott C and Zhang, Min and Gubhaju, Lina and Wu, Teresa and Bertram, John F and Frakes, David H and Cherry, Brian R and Bennett, Kevin M},
  journal={American Journal of Physiology-Renal Physiology},
  volume={300},
  number={6},
  pages={F1454--F1457},
  year={2011},
  publisher={Am Physiological Soc}
}

@article{chang2006manifold,
  title={Manifold based analysis of facial expression},
  author={Chang, Ya and Hu, Changbo and Feris, Rogerio and Turk, Matthew},
  journal={Image and Vision Computing},
  volume={24},
  number={6},
  pages={605--614},
  year={2006},
  publisher={Elsevier}
}

@article{seung2000manifold,
  title={The manifold ways of perception},
  author={Seung, H Sebastian and Lee, Daniel D},
  journal={Science},
  volume={290},
  number={5500},
  pages={2268--2269},
  year={2000}
}

@inproceedings{athitsos2004boostmap,
  title={Boostmap: A method for efficient approximate similarity rankings},
  author={Athitsos, Vassilis and Alon, Jonathan and Sclaroff, Stan and Kollios, George},
  booktitle={Proceedings of IEEE Conference on Computer Vision and Pattern Recognition},
  volume={2},
  pages={II--268},
  year={2004},
  organization={IEEE}
}

@inproceedings{he2003learning,
  title={Learning a locality preserving subspace for visual recognition},
  author={He, Xiaofei and Yan, Shuicheng and Hu, Yuxiao and Zhang, Hong-Jiang},
  booktitle={Proceedings of  IEEE International Conference on Computer Vision},
  pages={385--392},
  year={2003},
  organization={IEEE}
}

@article{lowe1997neuroscale,
  title={NeuroScale: Novel topographic feature extraction using RBF networks},
  author={Lowe, David and Tipping, Michael E},
  journal={Advances in Neural Information Processing Systems},
  pages={543--549},
  year={1997},
  publisher={MORGAN KAUFMANN PUBLISHERS}
}

@article{roweis2002global,
  title={Global coordination of local linear models},
  author={Roweis, ST and Saul, Lawrence K and Hinton, Geoffrey E and others},
  journal={Advances in Neural Information Processing Systems},
  volume={2},
  pages={889--896},
  year={2002},
  publisher={MIT; 1998}
}

@inproceedings{yang2002face,
  title={Face recognition using extended {ISOMAP}},
  author={Yang, Ming-Hsuan},
  booktitle={Proceedings of IEEE International Conference on Image Processing},
  volume={2},
  pages={II--117},
  year={2002},
  organization={IEEE}
}

@inproceedings{chen2005local,
  title={Local discriminant embedding and its variants},
  author={Chen, Hwann-Tzong and Chang, Huang-Wei and Liu, Tyng-Luh},
  booktitle={Procedings of IEEE Conference on Computer Vision and Pattern Recognition},
  volume={2},
  pages={846--853},
  year={2005},
  organization={IEEE}
}

@inproceedings{cai2007semi,
  title={Semi-supervised discriminant analysis},
  author={Cai, Deng and He, Xiaofei and Han, Jiawei},
  booktitle={Proceedings of IEEE International Conference on Computer Vision},
  pages={1--7},
  year={2007},
  organization={IEEE}
}

@inproceedings{ramirez2010classification,
  title={Classification and clustering via dictionary learning with structured incoherence and shared features},
  author={Ramirez, Ignacio and Sprechmann, Pablo and Sapiro, Guillermo},
  booktitle={Proceedings of IEEE Conference on Computer Vision and Pattern Recognition},
  pages={3501--3508},
  year={2010},
  organization={IEEE}
}

@ARTICLE{cheng2010, 
author={Bin Cheng and Jianchao Yang and Shuicheng Yan and Yun Fu and Huang, T.S.}, 
journal={IEEE Transactions on Image Processing}, title={Learning With  $\ell^1$-Graph for Image Analysis}, 
year={2010}, 
month={april }, 
volume={19}, 
number={4}, 
pages={858 -866}, 
}

@techreport{Saul00anintroduction,
	Author = {Lawrence K. Saul and Sam T. Roweis},
	Title = {An Introduction to Locally Linear Embedding},
	Year = {2000},
	url = {http://www.cs.toronto.edu/\~{}roweis/lle/publications.html}
}

@misc{Donoho03hessianeigenmaps,
	Author = {David L. Donoho and Carrie Grimes},
	Title = {Hessian Eigenmaps: New Locally Linear Embedding Techniques For High-Dimensional Data},
	Year = {2003}
}

@inproceedings{Belkin01laplacianeigenmaps,
	Author = {Mikhail Belkin and Partha Niyogi},
	Booktitle = {Advances in Neural Information Processing Systems},
	Pages = {585--591},
	Publisher = {MIT Press},
	Title = {Laplacian Eigenmaps and Spectral Techniques for Embedding and Clustering},
	Year = {2001}
}

@article{isomaps,
	Author = {Tenenbaum, Joshua B. and de Silva, Vin and Langford, John C.},
	Journal = {Science},
	Month = dec,
	Number = {5500},
	Pages = {2319--2323},
	Publisher = {American Association for the Advancement of Science},
	Title = {{A Global Geometric Framework for Nonlinear Dimensionality Reduction}},
	Volume = {290},
	Year = {2000},
}
@inproceedings{Weinberger04,
	Author = {Weinberger, K.Q. and Saul, L.K.},
	Booktitle = {IEEE Conference on Computer Vision and Pattern Recognition},
    Pages = {988-995 Vol.2},
	Title = {Unsupervised learning of image manifolds by semidefinite programming},
	Volume = {2},
	Year = {2004},	
}

@article{LPP,
  title={Locality preserving projections},
  author={Niyogi, P},
  journal={Advances in Neural Information Processing Systems},
  volume={16},
  pages={153--160},
  year={2004}
}

@article{yan2007graph,
  title={Graph embedding and extensions: A general framework for dimensionality reduction},
  author={Yan, Shuicheng and Xu, Dong and Zhang, Benyu and Zhang, Hong-Jiang and Yang, Qiang and Lin, Stephen},
  journal={IEEE Transactions on Pattern Analysis and Machine Intelligence},
  volume={29},
  number={1},
  pages={40--51},
  year={2007},
  publisher={IEEE}
}

@MISC{USPSdata,
  title        = {{USPS} dataset},
  howpublished = {Available at ftp://ftp.kyb.tuebingen.mpg.de/pub/bs/data/},
}

@book{keinosuke1990introduction,
  title={Introduction to statistical pattern recognition},
  author={Keinosuke Fukunaga},
  year={1990},
  publisher={Academic Press}
}

@book{Elad_book,
  title={Sparse and redundant representations},
  author={Elad, Michael},
  year={2010},
  publisher={Springer}
}

@inproceedings{wang2009multi,
  title={Multi-label sparse coding for automatic image annotation},
  author={Wang, Changhu and Yan, Shuicheng and Zhang, Lei and Zhang, Hong-Jiang},
  booktitle={IEEE Conference on Computer Vision and Pattern Recognition},
  pages={1643--1650},
  year={2009},
  organization={IEEE}
}

@book{DIP1,
	author={Gonzalez, R.C. and Woods, R.E.},
	title={Digital Image Processing},
	publisher={Prentice Hall},
	year={2002}
}

@book{DIP2,
	author={Gonzalez, R.C. and Woods, R.E. and Eddins, S.L.},
	title={Digital Image Processing Using MATLAB},
	publisher={Gatesmark Publishing},
	year={2009}
}
